<record><leader>00000cas a22000007a 4500</leader><controlfield tag="001">17402727</controlfield><controlfield tag="008">880128d18901892msuwr ne      0    0eng d</controlfield><datafield ind1=" " ind2=" " tag="010"><subfield code="a">sn 88067060 </subfield></datafield><datafield ind1=" " ind2=" " tag="040"><subfield code="a">MPC</subfield><subfield code="b">eng</subfield><subfield code="c">MPC</subfield><subfield code="d">MSJ</subfield><subfield code="d">OCLCQ</subfield></datafield><datafield ind1=" " ind2=" " tag="042"><subfield code="a">msc</subfield></datafield><datafield ind1="0" ind2=" " tag="130"><subfield code="a">Tupelo ledger (Tupelo, Miss.)</subfield></datafield><datafield ind1="1" ind2="0" tag="245"><subfield code="a">Tupelo ledger.</subfield></datafield><datafield ind1=" " ind2=" " tag="260"><subfield code="a">Tupelo, Miss. :</subfield><subfield code="b">J.L. Gillespie,</subfield><subfield code="c">1890-</subfield></datafield><datafield ind1=" " ind2=" " tag="310"><subfield code="a">Weekly</subfield></datafield><datafield ind1="0" ind2=" " tag="362"><subfield code="a">Vol. 3, no. 41 (Sept. 18, 1890)-</subfield></datafield><datafield ind1="1" ind2=" " tag="362"><subfield code="a">Ceased in 1892.</subfield></datafield><datafield ind1=" " ind2=" " tag="752"><subfield code="a">United States</subfield><subfield code="b">Mississippi</subfield><subfield code="c">Lee</subfield><subfield code="d">Tupelo.</subfield></datafield><datafield ind1="0" ind2="0" tag="780"><subfield code="t">Tupelo weekly ledger (Tupelo, Miss.)</subfield><subfield code="w">(OCoLC)17402738</subfield></datafield></record>